<?xml version="1.0"?>
<record xmlns="http://www.loc.gov/MARC21/slim"><leader>02075cas a22005055a 4500</leader><controlfield tag="001">  2005336282</controlfield><controlfield tag="003">DLC</controlfield><controlfield tag="005">20070911033614.0</controlfield><controlfield tag="008">070910c20059999mr uu p      f0    0ara  </controlfield><datafield tag="010" ind1=" " ind2=" "><subfield code="a">  2005336282</subfield></datafield><datafield tag="012" ind1=" " ind2=" "><subfield code="a">-3-7-0709110002-p-----    </subfield></datafield><datafield tag="035" ind1=" " ind2=" "><subfield code="a">(OCoLC)170490164</subfield></datafield><datafield tag="906" ind1=" " ind2=" "><subfield code="a">7</subfield><subfield code="b">und</subfield><subfield code="c">serials</subfield><subfield code="d">u</subfield><subfield code="e">ncip</subfield><subfield code="f">19</subfield><subfield code="g">n-oclcserc</subfield></datafield><datafield tag="040" ind1=" " ind2=" "><subfield code="a">DLC</subfield><subfield code="c">DLC</subfield><subfield code="d">DLC</subfield></datafield><datafield tag="041" ind1="0" ind2=" "><subfield code="a">ara</subfield><subfield code="a">fre</subfield></datafield><datafield tag="042" ind1=" " ind2=" "><subfield code="a">lc</subfield></datafield><datafield tag="043" ind1=" " ind2=" "><subfield code="a">f-mr---</subfield></datafield><datafield tag="050" ind1="0" ind2="0"><subfield code="a">IN PROCESS</subfield></datafield><datafield tag="066" ind1=" " ind2=" "><subfield code="c">(3</subfield></datafield><datafield tag="245" ind1="0" ind2="0"><subfield code="6">880-01</subfield><subfield code="a">Qad&#x323;a&#x304;&#x2BC; al-usrah :</subfield><subfield code="b">majallah mutakhas&#x323;s&#x323;is&#x323;ah /</subfield><subfield code="c">Wiza&#x304;rat al-&#x2BB;Adl.</subfield></datafield><datafield tag="246" ind1="1" ind2="3"><subfield code="a">Justice de la famille</subfield></datafield><datafield tag="246" ind1="1" ind2="3"><subfield code="6">880-02</subfield><subfield code="a">Majallat Qad&#x323;a&#x304;&#x2BC; al-usrah</subfield><subfield code="f">&lt;2006&gt;</subfield></datafield><datafield tag="260" ind1=" " ind2=" "><subfield code="6">880-03</subfield><subfield code="a">al-Raba&#x304;t&#x323; :</subfield><subfield code="b">Jam&#x2BB;i&#x304;yat Nashr al-Ma&#x2BB;lu&#x304;mah al-Qa&#x304;nu&#x304;ni&#x304;yah wa-al-Qad&#x323;a&#x304;&#x2BC;i&#x304;yah,</subfield><subfield code="c">2005-</subfield></datafield><datafield tag="300" ind1=" " ind2=" "><subfield code="a">v. :</subfield><subfield code="b">ill. ;</subfield><subfield code="c">24 cm.</subfield></datafield><datafield tag="310" ind1=" " ind2=" "><subfield code="a">Irregular (semiannual)</subfield></datafield><datafield tag="362" ind1="0" ind2=" "><subfield code="6">880-04</subfield><subfield code="a">al-&#x2BB;Adad 1. (Yu&#x304;lyu&#x304;z 2005)-</subfield></datafield><datafield tag="490" ind1="0" ind2=" "><subfield code="6">880-05</subfield><subfield code="a">Manshu&#x304;ra&#x304;t Jam&#x2BB;i&#x304;yat Nashr al-Ma&#x2BB;lu&#x304;mah al-Qa&#x304;nu&#x304;ni&#x304;yah wa-al-Qad&#x323;a&#x304;&#x2BC;i&#x304;yah</subfield></datafield><datafield tag="500" ind1=" " ind2=" "><subfield code="a">Some issues have also a distinctive title.</subfield></datafield><datafield tag="500" ind1=" " ind2=" "><subfield code="a">Latest issue consulted: al-&#x2BB;Adad 3. (Dujanbir 2006).</subfield></datafield><datafield tag="546" ind1=" " ind2=" "><subfield code="a">Chiefly in Arabic; some French.</subfield></datafield><datafield tag="650" ind1=" " ind2="0"><subfield code="a">Domestic relations (Islamic law)</subfield><subfield code="z">Morocco.</subfield></datafield><datafield tag="650" ind1=" " ind2="0"><subfield code="a">Divorce (Islamic law)</subfield></datafield><datafield tag="650" ind1=" " ind2="0"><subfield code="a">Marriage law</subfield><subfield code="z">Morocco.</subfield></datafield><datafield tag="650" ind1=" " ind2="0"><subfield code="a">Law reports, digests, etc.</subfield><subfield code="z">Morocco.</subfield></datafield><datafield tag="710" ind1="2" ind2=" "><subfield code="6">880-06</subfield><subfield code="a">Jam&#x2BB;i&#x304;yat Nashr al-Ma&#x2BB;lu&#x304;mah al-Qa&#x304;nu&#x304;ni&#x304;yah wa-al-Qad&#x323;a&#x304;&#x2BC;i&#x304;yah.</subfield></datafield><datafield tag="710" ind1="1" ind2=" "><subfield code="6">880-07</subfield><subfield code="a">Morocco.</subfield><subfield code="b">Wiza&#x304;rat al-&#x2BB;Adl.</subfield></datafield><datafield tag="850" ind1=" " ind2=" "><subfield code="a">DLC</subfield></datafield><datafield tag="880" ind1="0" ind2="0"><subfield code="6">245-01/(3/r</subfield><subfield code="a">&#x642;&#x636;&#x627;&#x621; &#x627;&#x644;&#x623;&#x633;&#x631;&#x629; :</subfield><subfield code="b">&#x645;&#x62C;&#x644;&#x629; &#x645;&#x62A;&#x62E;&#x635;&#x635;&#x629; /</subfield><subfield code="c">&#x648;&#x632;&#x627;&#x631;&#x629; &#x627;&#x644;&#x639;&#x62F;&#x644;.</subfield></datafield><datafield tag="880" ind1="1" ind2="3"><subfield code="6">246-02/(3/r</subfield><subfield code="a">&#x645;&#x62C;&#x644;&#x629; &#x642;&#x636;&#x627;&#x621; &#x627;&#x644;&#x623;&#x633;&#x631;&#x629;</subfield><subfield code="f">&lt;2006&gt;</subfield></datafield><datafield tag="880" ind1=" " ind2=" "><subfield code="6">260-03/(3/r</subfield><subfield code="a">&#x627;&#x644;&#x631;&#x628;&#x627;&#x637; :</subfield><subfield code="b">&#x62C;&#x645;&#x639;&#x64A;&#x629; &#x646;&#x634;&#x631; &#x627;&#x644;&#x645;&#x639;&#x644;&#x648;&#x645;&#x629; &#x627;&#x644;&#x642;&#x627;&#x646;&#x648;&#x646;&#x64A;&#x629; &#x648;&#x627;&#x644;&#x642;&#x636;&#x627;&#x626;&#x64A;&#x629;&#x60C;</subfield><subfield code="c">2005-</subfield></datafield><datafield tag="880" ind1="0" ind2=" "><subfield code="6">362-04/(3/r</subfield><subfield code="a">&#x627;&#x644;&#x639;&#x62F;&#x62F; 1. (&#x64A;&#x648;&#x644;&#x64A;&#x648;&#x632; 2005)-</subfield></datafield><datafield tag="880" ind1="0" ind2=" "><subfield code="6">490-05/(3/r</subfield><subfield code="a">&#x645;&#x646;&#x634;&#x648;&#x631;&#x627;&#x62A; &#x62C;&#x645;&#x639;&#x64A;&#x629; &#x646;&#x634;&#x631; &#x627;&#x644;&#x645;&#x639;&#x644;&#x648;&#x645;&#x629; &#x627;&#x644;&#x642;&#x627;&#x646;&#x648;&#x646;&#x64A;&#x629; &#x648;&#x627;&#x644;&#x642;&#x636;&#x627;&#x626;&#x64A;&#x629;</subfield></datafield><datafield tag="880" ind1="2" ind2=" "><subfield code="6">710-06/(3/r</subfield><subfield code="a">&#x62C;&#x645;&#x639;&#x64A;&#x629; &#x646;&#x634;&#x631; &#x627;&#x644;&#x645;&#x639;&#x644;&#x648;&#x645;&#x629; &#x627;&#x644;&#x642;&#x627;&#x646;&#x648;&#x646;&#x64A;&#x629; &#x648;&#x627;&#x644;&#x642;&#x636;&#x627;&#x626;&#x64A;&#x629;.</subfield></datafield><datafield tag="880" ind1="1" ind2=" "><subfield code="6">710-07/(3/r</subfield><subfield code="a">Morocco.</subfield><subfield code="b">&#x648;&#x632;&#x627;&#x631;&#x629; &#x627;&#x644;&#x639;&#x62F;&#x644;.</subfield></datafield><datafield tag="936" ind1=" " ind2=" "><subfield code="a">LC Cairo Office [we 45]</subfield></datafield></record>
